<record><leader>00000cas a22000007a 4500</leader><controlfield tag="001">26511504</controlfield><controlfield tag="008">920831d18791890cauwr ne      0    0eng d</controlfield><datafield ind1=" " ind2=" " tag="010"><subfield code="a">sn 92068855 </subfield></datafield><datafield ind1=" " ind2=" " tag="040"><subfield code="a">CUY</subfield><subfield code="b">eng</subfield><subfield code="c">CNK</subfield><subfield code="d">OCLCQ</subfield><subfield code="d">UBY</subfield><subfield code="d">OCLCQ</subfield><subfield code="d">OCLCF</subfield><subfield code="d">OCLCO</subfield></datafield><datafield ind1="1" ind2=" " tag="029"><subfield code="a">AU@</subfield><subfield code="b">000020707302</subfield></datafield><datafield ind1=" " ind2=" " tag="042"><subfield code="a">msc</subfield></datafield><datafield ind1=" " ind2=" " tag="043"><subfield code="a">n-us-ca</subfield></datafield><datafield ind1="0" ind2=" " tag="130"><subfield code="a">Modoc independent (Alturas, Calif.)</subfield></datafield><datafield ind1="1" ind2="4" tag="245"><subfield code="a">The Modoc independent.</subfield></datafield><datafield ind1=" " ind2=" " tag="260"><subfield code="a">Alturas, Modoc County, Calif. :</subfield><subfield code="b">D.C. Slater</subfield></datafield><datafield ind1=" " ind2=" " tag="300"><subfield code="a">v.</subfield></datafield><datafield ind1=" " ind2=" " tag="310"><subfield code="a">Weekly</subfield></datafield><datafield ind1="0" ind2=" " tag="362"><subfield code="a">Vol. 5, no. 30 (June 28, 1879)-v. 16, no. 40 (Aug. 28, 1890).</subfield></datafield><datafield ind1=" " ind2="0" tag="651"><subfield code="a">Alturas (Calif.)</subfield><subfield code="v">Newspapers.</subfield></datafield><datafield ind1=" " ind2="0" tag="651"><subfield code="a">Modoc County (Calif.)</subfield><subfield code="v">Newspapers.</subfield></datafield><datafield ind1=" " ind2="7" tag="655"><subfield code="a">Newspapers.</subfield><subfield code="2">fast</subfield><subfield code="0">(OCoLC)fst01423814</subfield></datafield><datafield ind1=" " ind2="7" tag="651"><subfield code="a">California</subfield><subfield code="z">Alturas.</subfield><subfield code="2">fast</subfield><subfield code="0">(OCoLC)fst01226657</subfield></datafield><datafield ind1=" " ind2="7" tag="651"><subfield code="a">California</subfield><subfield code="z">Modoc County.</subfield><subfield code="2">fast</subfield><subfield code="0">(OCoLC)fst01218112</subfield></datafield><datafield ind1=" " ind2=" " tag="752"><subfield code="a">United States</subfield><subfield code="b">California</subfield><subfield code="c">Modoc</subfield><subfield code="d">Alturas.</subfield></datafield><datafield ind1="0" ind2="0" tag="780"><subfield code="t">Independent (Alturas, Calif.)</subfield><subfield code="w">(DLC)sn 92068854</subfield></datafield><datafield ind1="0" ind2="0" tag="785"><subfield code="t">Weekly Modoc</subfield><subfield code="w">(DLC)sn 92068853</subfield></datafield></record>